
@article{marcellini1980semicontinuity,
title = "Semicontinuity problems in the calculus of variations",
journal = "Nonlinear Analysis: Theory, Methods \& Applications",
volume = "4",
number = "2",
pages = "241 - 257",
year = "1980",
issn = "0362-546X",
doi = "https://doi.org/10.1016/0362-546X(80)90052-8",
url = "http://www.sciencedirect.com/science/article/pii/0362546X80900528",
author = "Paolo Marcellini and Carlo Sbordone",
keywords = "Semicontinuity, calculus of variations, relaxation"
}


@book{dal2012introduction,
  title={An introduction to $\Gamma$-convergence},
  author={Dal Maso, Gianni},
  volume={8},
  year={2012},
  publisher={Springer Science \& Business Media}
}

@article{magasarian1985sufficiency,
author = {O. L. Mangasarian},
title = {Sufficiency of Exact Penalty Minimization},
journal = {SIAM Journal on Control and Optimization},
volume = {23},
number = {1},
pages = {30-37},
year = {1985},
doi = {10.1137/0323003},
URL = {https://doi.org/10.1137/0323003},
eprint = {https://doi.org/10.1137/0323003}
}


@article{friedlander2008regularization,
author = {Michael P. Friedlander and Paul Tseng},
title = {Exact Regularization of Convex Programs},
journal = {SIAM Journal on Optimization},
volume = {18},
number = {4},
pages = {1326-1350},
year = {2008},
doi = {10.1137/060675320},
URL = {https://doi.org/10.1137/060675320},
eprint = {https://doi.org/10.1137/060675320}
}


@article{tran2015,
author = {Giang Tran and Hayden Schaeffer and William M. Feldman and Stanley J. Osher},
title = {An $L^1$ Penalty Method for General Obstacle Problems},
journal = {SIAM Journal on Applied Mathematics},
volume = {75},
number = {4},
pages = {1424-1444},
year = {2015},
doi = {10.1137/140963303},
URL = {https://doi.org/10.1137/140963303},
eprint = {https://doi.org/10.1137/140963303}
}


@book{buttazzo1989semicontinuity,
  title={Semicontinuity, relaxation and integral representation in the calculus of variations},
  author={Buttazzo, Giuseppe},
  volume={207},
  year={1989},
  publisher={Longman}
}


@book{pedregal2012parametrized,
  title={Parametrized measures and variational principles},
  author={Pedregal, Pablo},
  volume={30},
  year={2012},
  publisher={Birkh{\"a}user}
}

@book{dacorogna2007direct,
  title={Direct methods in the calculus of variations},
  author={Dacorogna, Bernard},
  volume={78},
  year={2007},
  publisher={Springer Science \& Business Media}
}

@book{dalmaso2012introduction,
  title={An introduction to $\Gamma$-convergence},
  author={Dal Maso, Gianni},
  volume={8},
  year={2012},
  publisher={Springer Science \& Business Media}
}


@article{osher2005,
author = {Stanley Osher and Martin Burger and Donald Goldfarb and Jinjun Xu and Wotao Yin},
title = {An Iterative Regularization Method for Total Variation-Based Image Restoration},
journal = {Multiscale Modeling \& Simulation},
volume = {4},
number = {2},
pages = {460-489},
year = {2005},
doi = {10.1137/040605412},
URL = {https://doi.org/10.1137/040605412},
eprint = {https://doi.org/10.1137/040605412}
}

@article{goldstein2009,
author = {Tom Goldstein and Stanley Osher},
title = {The Split Bregman Method for L1-Regularized Problems},
journal = {SIAM Journal on Imaging Sciences},
volume = {2},
number = {2},
pages = {323-343},
year = {2009},
doi = {10.1137/080725891},
URL = { https://doi.org/10.1137/080725891},
eprint = {https://doi.org/10.1137/080725891}
}

@article{kassam2005,
author = {Aly-Khan Kassam and Lloyd N. Trefethen},
title = {Fourth-Order Time-Stepping for Stiff PDEs},
journal = {SIAM Journal on Scientific Computing},
volume = {26},
number = {4},
pages = {1214-1233},
year = {2005},
doi = {10.1137/S1064827502410633},
URL = {https://doi.org/10.1137/S1064827502410633},
eprint = {https://doi.org/10.1137/S1064827502410633}
}

@article{meziat2006,
author="Meziat, Ren{\'e} J.
and Villalobos, Jorge",
title="Analysis of microstructures and phase transition phenomena in one-dimensional, non-linear elasticity by convex optimization",
journal="Structural and Multidisciplinary Optimization",
year="2006",
month="Dec",
day="01",
volume="32",
number="6",
pages="507--519",
issn="1615-1488",
doi="10.1007/s00158-006-0029-7",
url="https://doi.org/10.1007/s00158-006-0029-7"
}

@article{glasner2016,
title = "Improving the accuracy of convexity splitting methods for gradient flow equations",
journal = "Journal of Computational Physics",
volume = "315",
pages = "52 - 64",
year = "2016",
issn = "0021-9991",
doi = "https://doi.org/10.1016/j.jcp.2016.03.042",
url = "http://www.sciencedirect.com/science/article/pii/S0021999116001947",
author = "Karl Glasner and Saulo Orizaga",
keywords = "Gradient flows, Cahnâ€“Hilliard, Phase-field crystal, Spectral methods, Eyre splitting"
}


@article{eyre1998, 
title={Unconditionally Gradient Stable Time Marching the Cahn-Hilliard Equation},
volume={529},
DOI={10.1557/PROC-529-39}, 
journal={MRS Proceedings}, 
publisher={Cambridge University Press}, 
author={Eyre, David J.}, 
year={1998}, pages={39}}

@article{sussmann1997, 
author={H. J. Sussmann and J. C. Willems}, 
journal={IEEE Control Systems Magazine}, 
title={300 years of optimal control: from the brachystochrone to the maximum principle}, 
year={1997}, 
volume={17}, 
number={3}, 
pages={32-44}, 
keywords={reviews;history;optimal control;optimal control;brachystochrone;maximum principle;curve minimization;Johann Bernoulli;Euler-Lagrange equations;Optimal control;Mathematics;Cities and towns;Equations;Reflection;History;Cost function;Sufficient conditions;Centralized control}, 
doi={10.1109/37.588098}, 
ISSN={1066-033X}, 
month={June},}

@article{goldstein2010,
author="Goldstein, Tom
and Bresson, Xavier
and Osher, Stanley",
title="Geometric Applications of the Split Bregman Method: Segmentation and Surface Reconstruction",
journal="Journal of Scientific Computing",
year="2010",
month="Oct",
day="01",
volume="45",
number="1",
pages="272--293",
issn="1573-7691",
doi="10.1007/s10915-009-9331-z",
url="https://doi.org/10.1007/s10915-009-9331-z"
}

@article{yin2013,
author="Yin, Wotao
and Osher, Stanley",
title="Error Forgetting of Bregman Iteration",
journal="Journal of Scientific Computing",
year="2013",
month="Feb",
day="01",
volume="54",
number="2",
pages="684--695",
issn="1573-7691",
doi="10.1007/s10915-012-9616-5",
url="https://doi.org/10.1007/s10915-012-9616-5"
}

@article{nicolaides1993,
author = {R.A. Nicolaides and Noel J. Walkington},
title ={Computation of Microstructure Utilizing Young Measure Representations},
journal = {Journal of Intelligent Material Systems and Structures},
volume = {4},
number = {4},
pages = {457-462},
year = {1993},
doi = {10.1177/1045389X9300400403},
URL = { https://doi.org/10.1177/1045389X9300400403},
eprint = {https://doi.org/10.1177/1045389X9300400403}
}

@article{meziat2006,
author="Meziat, Ren{\'e} J.
and Villalobos, Jorge",
title="Analysis of microstructures and phase transition phenomena in one-dimensional, non-linear elasticity by convex optimization",
journal="Structural and Multidisciplinary Optimization",
year="2006",
month="Dec",
day="01",
volume="32",
number="6",
pages="507--519",
abstract="We propose a general method for determining the theoretical microstructure in one-dimensional elastic bars whose internal deformation energy is given by nonconvex polynomials. We use nonconvex variational principles and Young measure theory to describe the optimal energetic configuration of the body. By using convex analysis and classical characterizations of algebraic moments, we can formulate the problem as a convex optimal control problem. Therefore, we can estimate the microstructure of several models by using nonlinear programming techniques. This method can determine the minimizers or the minimizing sequences of nonconvex, variational problems used in one-dimensional, nonlinear elasticity.",
issn="1615-1488",
doi="10.1007/s00158-006-0029-7",
url="https://doi.org/10.1007/s00158-006-0029-7"
}

@article{roubicek2004,
author="Bartels, S{\"o}ren
and Roub{\'i}{\v{c}}ek, Tom{\'a}{\v{s}}",
title="Linear-programming approach to nonconvex variational problems",
journal="Numerische Mathematik",
year="2004",
month="Dec",
day="01",
volume="99",
number="2",
pages="251--287",
abstract="In nonconvex optimization problems, in particular in nonconvex variational problems, there usually does not exist any classical solution but only generalized solutions which involve Young measures. In this paper, after reviewing briefly the relaxation theory for such problems, an iterative scheme leading to a ``sequential linear programming'' (=SLP) scheme is introduced, and its convergence is proved by a Banach fixed-point technique. Then an approximation scheme is proposed and analyzed, and calculations of an illustrative 2D ``broken-extremal'' example are presented.",
issn="0945-3245",
doi="10.1007/s00211-004-0549-2",
url="https://doi.org/10.1007/s00211-004-0549-2"
}

@article{pedregal1995,
author = { Pablo   Pedregal },
title = {Numerical approximation of parametrized measures},
journal = {Numerical Functional Analysis and Optimization},
volume = {16},
number = {7-8},
pages = {1049-1066},
year  = {1995},
publisher = {Taylor & Francis},
doi = {10.1080/01630569508816659},
URL = {https://doi.org/10.1080/01630569508816659},
eprint = {https://doi.org/10.1080/01630569508816659}
}

@article{pedregal1996,
author="Pedregal, Pablo",
title="On the numerical analysis of non-convex variational problems",
journal="Numerische Mathematik",
year="1996",
month="Sep",
day="01",
volume="74",
number="3",
pages="325--336",
abstract="We discuss a numerical method forfinding Young-measure-valued minimizers ofnon-convex variational problems. To have any hope of aconvergence theorem, one must work in a setting wherethe minimizer is unique and minimizing sequencesconverge  strongly. This paper has two main goals: (i) wespecify a method for producing strongly-convergentminimizing sequences, despite the failure of strictconvexity; and (ii) we show how uniqueness of theYoung measure can be parlayed into a numericalconvergence theorem. The treatment of (ii) is done in thesetting of two model problems, one involving scalarvalued functions and a multiwell energy, the other frommicromagnetics.",
issn="0945-3245",
doi="10.1007/s002110050219",
url="https://doi.org/10.1007/s002110050219"
}

@article{meziat2008,
author="Meziat, Ren{\'e}
and Pati{\~{n}}o, Diego",
title="Exact relaxations of non-convex variational problems",
journal="Optimization Letters",
year="2008",
month="Aug",
day="01",
volume="2",
number="4",
pages="505--519",
abstract="Here, we solve non-convex, variational problems given in the form{\$}{\$}{\backslash}min{\_}{\{}u{\}} I(u) = {\backslash}int{\backslash}limits{\_}{\{}0{\}}^{\{}1{\}} f(u'(x))dx {\backslash}quad {\{}{\backslash}rm s.t.{\}} {\backslash}quad u(0) = 0, u(1) = a, {\backslash}quad(1){\$}{\$}where u âˆˆ (W1,âˆž(0, 1))kand {\$}{\$}f : {\{}{\backslash}mathbb{\{}R{\}}{\}}^k {\backslash}rightarrow {\{}{\backslash}mathbb{\{}R{\}}{\}}{\$}{\$}is a non-convex, coercive polynomial. To solve (1) we analyse the convex hull of the integrand at the point a, so that we can find vectors {\$}{\$}a^1,{\backslash}ldots,a^N {\backslash}in {\{}{\backslash}mathbb{\{}R{\}}{\}}^k{\$}{\$}and positive values $\lambda$1, . . . , $\lambda$Nsatisfying the non-linear equation{\$}{\$}(1, a, f{\_}c(a)) = {\backslash}sum{\backslash}limits{\_}{\{}i=1{\}}^{\{}N{\}}{\backslash}lambda{\_}i(1, a^i, f(a^i)). {\backslash}quad (2){\$}{\$}Thus, we can calculate minimizers of (1) by following a proposal of Dacorogna in (Direct Methods in the Calculus of Variations. Springer, Heidelberg, 1989). Indeed, we can solve (2) by using a semidefinite program based on multidimensional moments.",
issn="1862-4480",
doi="10.1007/s11590-008-0077-6",
url="https://doi.org/10.1007/s11590-008-0077-6"
}

@article{curto2000,
  title={The truncated complex $\mathbb{K}$-moment problem},
  author={Curto, Ra{\'u}l and Fialkow, Lawrence},
  journal={Transactions of the American mathematical society},
  volume={352},
  number={6},
  pages={2825--2855},
  year={2000}
  doi={10.1090/S0002-9947-00-02472-7},
  url ={https://doi.org/10.1090/S0002-9947-00-02472-7}
}

@article{luskin1996,
 title={On the computation of crystalline microstructure},
 volume={5}, DOI={10.1017/S0962492900002658},
  journal={Acta Numerica},
  publisher={Cambridge University Press},
  author={Luskin, Mitchell},
  year={1996},
  pages={191?257}}

@article{luskin1992,
author = {Luskin, M. and Ma, L.},
title = {Analysis of the Finite Element Approximation of Microstructure in Micromagnetics},
journal = {SIAM Journal on Numerical Analysis},
volume = {29},
number = {2},
pages = {320-331},
year = {1992},
doi = {10.1137/0729021},
URL = {https://doi.org/10.1137/0729021},
eprint = {https://doi.org/10.1137/0729021}
    }






